@INPROCEEDINGS{contextbased,
    title = {Developing Service Oriented Enterprise by Composing Web Services Based on Context},
    author = {Sodki Chaari and Khouloud Boukadi and Chokri Ben Amar and Fredrrique Biennier and Joe Favrel},
    year = {2008},
    pages = {79--92},
    volume = {8},
    number = {6},
    booktitle = {IJCSNS International Journal of Computer Science and Network Security}
}

@INPROCEEDINGS{ontologydrivenweb,
    author = {I. Budak Arpinar and Ruoyan Zhang and Boanerges Aleman-meza and Angela Maduko},
    title = {Ontology-driven Web services composition platform},
    booktitle = {Information Systems and e-Business Management},
    year = {2004},
    volume = {3},
    pages = {6--9}
}

@book{book1,
	Author = {James McGovern and Sameer Tyagi and Michael Stevens and Sunil Matthew},
	Publisher = {Morgan Kaufmann},
	Title = {Java Web Services Architecture},
	Year = {2003}
}

@url{urlwikiWS,
	Author = {From Wikipedia},
	Howpublished = {\url{http://en.wikipedia.org/wiki/Web_service}},
}

@url{urlonto,
	Author = {From Obitko},
	Howpublished = {\url{http://obitko.com/tutorials/ontologies-semantic-web}},
}

@url{urlwikiSOA,
	Author = {From Wikipedia},
	Howpublished = {\url{http://en.wikipedia.org/wiki/Service-oriented_architecture}},
}
