@inproceedings{redefineibm,
  title={IBM watson: redefining artificial intelligence through cognitive computing},
  author={Petiwala, Fatima Farid and Shukla, Vinod Kumar and Vyas, Sonali},
  booktitle={Proceedings of International Conference on Machine Intelligence and Data Science Applications: MIDAS 2020},
  pages={173--185},
  year={2021},
  organization={Springer}
}

@online{urlIBMStudio,
    Author = {IBM Cloud},
	Title = {{IBM Watson Studio}},
	howpublished = "Available at \url{https://cloud.ibm.com/catalog/services/watson-studio#about}",
}

@online{urlIBMMachineLearning,
    Author = {IBM Cloud},
	Title = {{Watson Machine Learning}},
	howpublished = "Available at \url{https://cloud.ibm.com/catalog/services/watson-machine-learning#about}",
}

@online{urlIBMKowledgeCatalog,
    Author = {IBM Cloud},
	Title = {{Watson Knowledge Catalog}},
	howpublished = "Available at \url{https://cloud.ibm.com/catalog/services/watson-knowledge-catalog#about}",
}

@online{urlAmazonTextract,
    Author = {Amazon Web Service},
	Title = {{Amazon Textract}},
	howpublished = "Available at \url{https://aws.amazon.com/textract/}",
}

@online{archivedtextract,
    Author = {Amazon Whitepapers},
	Title = {{Building Keyword Searches for Scanned Documents Using Amazon Textract}},
	howpublished = "Available at \url{https://d1.awsstatic.com/whitepapers/build-keyword-searches-with-textract.pdf}",
}

@online{amazonLang,
    Author = {Amazon Web Service},
	Title = {{Building Keyword Searches for Scanned Documents Using Amazon Textract}},
	howpublished = "Available at \url{https://aws.amazon.com/textract/faqs/#:~:text=Amazon%20Textract%20can%20extract%20printed,%2C%20Spanish%2C%20Italian%20and%20Portuguese.}",
}

@online{azureCogOverview,
    Author = {Microsoft Azure},
	Title = {{Azure Cognitive Services}},
	howpublished = "Available at \url{https://azure.microsoft.com/en-us/products/cognitive-services/#overview}",
}

@article{del2018introducing,
  title={Introducing microsoft cognitive services},
  author={Del Sole, Alessandro and Del Sole, Alessandro},
  journal={Microsoft Computer Vision APIs Distilled: Getting Started with Cognitive Services},
  pages={1--4},
  year={2018},
  publisher={Springer}
}

@article{azureCogServices,
  title={Azure cognitive services},
  author={Machiraju, Srikanth and Modi, Ritesh and Machiraju, Srikanth and Modi, Ritesh},
  journal={Developing Bots with Microsoft Bots Framework: Create Intelligent Bots using MS Bot Framework and Azure Cognitive Services},
  pages={233--260},
  year={2018},
  publisher={Springer}
}

@online{urlAzureCogLangOverview,
    Author = {Microsoft Azure},
	Title = {{Azure Cognitive Services for Language}},
    Date = {11-Jan-2023},
	howpublished = "Available at \url{https://learn.microsoft.com/en-us/azure/cognitive-services/language-service/overview}",
}

@online{urlAzureCogLangNLPfeatures,
    Author = {Microsoft Azure},
	Title = {{Which Language service feature to use?}},
    Date = {11-Jan-2023},
	howpublished = "Available at \url{https://learn.microsoft.com/en-us/azure/cognitive-services/language-service/overview#which-language-service-feature-should-i-use}",
}

@online{alfresco,
    Author = {Alfresco},
	Title = {{What do people use Alfresco for?}},
	howpublished = "Available at \url{https://hub.alfresco.com/t5/alfresco-content-services-forum/what-do-people-use-alfresco-for/td-p/48692}",
}

@online{amazonComprehend,
    Author = {Amazon Web Service},
	Title = {{Amazon Comprehend}},
	howpublished = "Available at \url{https://aws.amazon.com/comprehend/}",
}

@online{amazonRekognition,
    Author = {Amazon Web Service},
	Title = {{Amazon Rekognition}},
	howpublished = "Available at \url{https://aws.amazon.com/rekognition/}",
}

@online{alfrescoAI,
    Author = {Alfresco},
	Title = {{Artificial Intelligence gets real with Alfresco}},
	howpublished = "Available at \url{https://www.alfresco.com/ecm-software/alfresco-intelligence-services}",
}

@online{amazonTextractArch,
    Author = {Amazon Cloud Computing, Workfall },
	Title = {{How to use AWS Textract to extract data from any Image and PDF?}},
	howpublished = "Available at \url{https://www.workfall.com/learning/blog/how-to-use-aws-textract-to-extract-data-from-any-image-pdf/}",
}

@article{raji2018digital,
  title={Digital forensic tools \& cloud-based machine learning for analyzing crime data},
  author={Raji, Majeed Kayode},
  year={2018}
}

@misc{eriksson2018granskning,
  title={Granskning av examensarbetesrapporter med IBM Watson molntj{\"a}nster},
  author={Eriksson, Patrik and Wester, Philip},
  year={2018}
}

@online{kaggle,
    Author = {Kaggle},
	Title = {{Kaggle Datasets}},
	howpublished = "Available at \url{https://www.kaggle.com/datasets}",
}

@online{uciml,
    Author = {UCI},
	Title = {{UC Irvine Machine Learning Repository}},
	howpublished = "Available at \url{https://archive.ics.uci.edu/ml/index.php}",
}

@misc{rollino2022automating,
  title={Automating the extraction of Financial data},
  author={Rollino, Nicolas and Ali, Rakin},
  year={2022}
}

@article{2017honda,
  title={Honda Is Using IBM Watson to Drive Real Changes in Quality Assurance},
  author={Little, Gard and Schubmehl, David and Kimura, Akihiro and Ashton, Heather},
  year={2017}
}

@online{sas,
    Author = {SAS Analytics},
	Title = {{SAS Analytics and AI Software Solutions}},
	howpublished = "Available at \url{https://www.sas.com/de_de/home.html}",
}

@online{cognosBI,
    Author = {Wikipedia},
	Title = {{IBM Cognos Business Intelligence or IBM Cognos Analytics}},
	howpublished = "Available at \url{https://en.wikipedia.org/wiki/IBM_Cognos_Analytics}",
}

@online{watsonnlu,
    Author = {IBM},
	Title = {{IBM Watson Natural Language Understanding}},
	howpublished = "Available at \url{https://cloud.ibm.com/apidocs/natural-language-understanding}",
}

@online{Kaggledatasets,
    Author = {Kaggle},
	Title = {{Kaggle Datasets}},
	howpublished = "Available at \url{https://www.kaggle.com/general/260690}",
}

@online{thesispublications,
    Author = {University of Stuttgart},
	Title = {{Institute for Parallel and Distributed Systems Thesis Publications}},
	howpublished = "Available at \url{https://www2.informatik.uni-stuttgart.de/zdi/buecherei/NCSTRL_listings/IPVS/MSTR.html.en}",
}

@online{dataprediction,
    Author = {Finances Online},
	Title = {{Data Statistics for the Future (53 Important Statistics About How Much Data Is Created Every Day)}},
    Year = {2023},
	howpublished = "Available at \url{https://financesonline.com/how-much-data-is-created-every-day/#:~:text=If%20a%20person%20on%20the,is%20but%20a%20modest%20estimate.}",
}

@online{igdefinition,
    Author = {Gartner Glossary},
	Title = {{Information Governance}},
	howpublished = "Available at \url{https://www.gartner.com/en/information-technology/glossary/information-governance#:~:text=Gartner%20defines%20information%20governance%20as,archiving%20and%20deletion%20of%20information.}",
}

%Chap 1
@online{gdpr,
    Author = {Intersoft Consulting, GDPR},
	Title = {{General Data Protection RegulationGDPR}},
	howpublished = "Available at \url{"https://gdpr-info.eu/}",
}

%Chap2
@Inbook{Bisong2019,
    author="Bisong, Ekaba",
    title="An Overview of Google Cloud Platform Services",
    bookTitle="Building Machine Learning and Deep Learning Models on Google Cloud Platform: A Comprehensive Guide for Beginners",
    year="2019",
    publisher="Apress",
    address="Berkeley, CA",
    pages="7--10",
    isbn="978-1-4842-4470-8",
    doi="10.1007/978-1-4842-4470-8_2",
    url="https://doi.org/10.1007/978-1-4842-4470-8_2"
}

@article{kozlenko2021machine,
  title={Machine learning services in the cloud},
  author={Kozlenko, Mykola},
  year={2021},
  publisher={Vasyl Stefanyk Precarpathian National University}
}

%Chap 3
@online{textocrkaggle,
    Author = {Kaggle},
	Title = {{TextOCR - Text Extraction from Images Dataset}},
	howpublished = "Available at \url{https://www.kaggle.com/datasets/robikscube/textocr-text-extraction-from-images-dataset}",
}

@online{sentiocrkaggle,
    Author = {Kaggle},
	Title = {{Sentiment analysis of OCR text}},
	howpublished = "Available at \url{https://www.kaggle.com/datasets/somnath796/sentiment-analysis-of-ocr-text}",
}

@online{dcakaggle,
    Author = {Kaggle},
	Title = {{DCA Loan Dataset}},
	howpublished = "Available at \url{https://www.kaggle.com/datasets/thedevastator/unlock-financing-through-usaid-dca-loan-transact}",
}

@online{dcalink,
    Author = {Wikipedia},
	Title = {{Development Credit Authority}},
	howpublished = "Available at \url{https://en.wikipedia.org/wiki/Development_Credit_Authority}",
}

@online{sentikaggle,
    Author = {Kaggle},
	Title = {{Twitter Sentiment Dataset}},
	howpublished = "Available at \url{https://www.kaggle.com/datasets/saurabhshahane/twitter-sentiment-dataset}",
}

%Chap 4
@online{azurecoglink,
    Author = {Microsoft Azure},
	Title = {{Azure Cognitive Services}},
	howpublished = "Available at \url{https://azure.microsoft.com/en-us/products/cognitive-services/?OCID=AIDcmmy4pl1olr_SEM_8a249c201f07161329e4ff4bad787e90:G:s&ef_id=8a249c201f07161329e4ff4bad787e90:G:s&msclkid=8a249c201f07161329e4ff4bad787e90#overview}",
}

@online{azdocs,
    Author = {Microsoft Learn},
	Title = {{Create an Azure Cognitive Search service in the portal}},
	howpublished = "Available at \url{https://learn.microsoft.com/en-us/azure/search/search-create-service-portal}",
}

@online{azurepiicategories,
    Author = {Microsoft Learn},
	Title = {{Azure Cognitive Services Supported Personally Identifiable Information (PII) entity categories}},
	howpublished = "Available at \url{https://learn.microsoft.com/en-us/azure/cognitive-services/language-service/personally-identifiable-information/concepts/entity-categories}",
}

@online{azlangstudio,
    Author = {Azure AI},
	Title = {{Language Studio: Get started with Azure Cognitive Services for Language}},
	howpublished = "Available at \url{https://language.cognitive.azure.com/home}",
}

@online{azcustomtextclassification,
    Author = {Microsoft Learn},
	Title = {{Azure Cognitive Services Language Services Custom Text Classification}},
	howpublished = "Available at \url{https://learn.microsoft.com/en-us/azure/cognitive-services/language-service/custom-text-classification/overview}",
}

@online{azqueries,
    Author = {Microsoft Learn},
	Title = {{Azure Cognitive Search run more example queries}},
	howpublished = "Available at \url{https://learn.microsoft.com/en-us/azure/search/search-get-started-portal#run-more-example-queries}",
}

@online{gcpreviewvideo,
    Author = {YouTube: Google Cloud Tech channel},
	Title = {{Cloud Natural Language : Qwik Start - Qwiklabs Preview}},
	howpublished = "Available at \url{https://www.youtube.com/watch?v=Bl96IyJqKQQ}",
}

@online{gcinsights,
    Author = {YouTube: Google Cloud Tech channel},
	Title = {{Gain Valuable Insights from Text with Cloud Natural Language | Google Cloud Labs}},
	howpublished = "Available at \url{https://www.youtube.com/watch?v=3iOtK0sRNMI}",
}

@online{gcqwiklab,
    Author = {Google Cloud Skill Boost},
	Title = {{Cloud Natural Language API: Qwik Start}},
	howpublished = "Available at \url{https://www.cloudskillsboost.google/focuses/582?catalog_rank=%7B%22rank%22%3A1%2C%22num_filters%22%3A0%2C%22has_search%22%3Atrue%7D&parent=catalog&search_id=24053157}",
}

%Chap 5
%ibm
@online{ibmsumm,
    Author = {IBM Cloud},
	Title = {{IBM Watson Natural Language Processing: Summarization (Experimental)}},
	howpublished = "Available at \url{https://cloud.ibm.com/apidocs/natural-language-understanding#summarization}",
}

@online{ibmref1,
    Author = {IBM Developer},
	Title = {{Sentiment analysis using IBM Watson Natural Language Processing}},
	howpublished = "Available at \url{https://developer.ibm.com/tutorials/use-the-watson-core-nlp-library-to-perform-sentiment-analysis/?mhsrc=ibmsearch_a&mhq=%20Natural%20Language%20Understanding}",
}

@online{ibmtc,
    Author = {IBM Developer},
	Title = {{Explore text classification with Watson Natural Language Processing}},
	howpublished = "Available at \url{https://developer.ibm.com/tutorials/text-classification-using-watson-nlp/?mhsrc=ibmsearch_a&mhq=%20Natural%20Language%20Understanding}",
}

@online{ibmee,
    Author = {IBM Developer},
	Title = {{Entity extraction using Watson Natural Language Processing}},
	howpublished = "Available at \url{https://developer.ibm.com/tutorials/entity-extraction-using-watson-nlp/?mhsrc=ibmsearch_a&mhq=%20Natural%20Language%20Understanding}",
}

@online{ibmstarter,
    Author = {IBM Cloud Docs},
	Title = {{Getting started with Natural Language Understanding}},
	howpublished = "Available at \url{https://cloud.ibm.com/docs/natural-language-understanding?topic=natural-language-understanding-getting-started}",
}

@online{ibmfaq,
    Author = {IBM Cloud},
	Title = {{Watson Natural Language Understanding FAQ}},
	howpublished = "Available at \url{https://www.ibm.com/cloud/watson-natural-language-understanding/faq}",
}

@online{ibmdemo,
    Author = {IBM},
	Title = {{IBM Watson Natural Language Understanding Text Analysis: Try your own}},
	howpublished = "Available at \url{https://www.ibm.com/demos/live/natural-language-understanding/self-service/home}",
}

%ms
@online{azuretutorial,
    Author = {Microsoft Learn},
	Title = {{Create an Azure Cognitive Search solution}},
	howpublished = "Available at \url{https://learn.microsoft.com/en-us/training/modules/create-azure-cognitive-search-solution/}",
}

@online{azdocs1,
    Author = {Microsoft Learn},
	Title = {{Quickstart: Create an Azure Cognitive Search index in the Azure portal}},
	howpublished = "Available at \url{https://learn.microsoft.com/en-us/azure/search/search-get-started-portal}",
}

@online{azdocs2,
    Author = {Microsoft Learn},
	Title = {{Quickstart: Get started with Language Studio}},
	howpublished = "Available at \url{https://learn.microsoft.com/en-us/azure/cognitive-services/language-service/language-studio}",
}

@online{azdocs3,
    Author = {Microsoft Learn},
	Title = {{Azure Cognitive Services for Language Tutorials}},
	howpublished = "Available at \url{https://learn.microsoft.com/en-us/azure/cognitive-services/language-service/overview#tutorials}",
}

@online{azdocs4,
    Author = {Microsoft Learn},
	Title = {{Quickstart: Azure Cognitive Services for Language Custom text classification}},
	howpublished = "Available at \url{https://learn.microsoft.com/en-us/azure/cognitive-services/language-service/custom-text-classification/quickstart?tabs=multi-classification&pivots=language-studio}",
}

%aws
@online{awstextarct,
    Author = {Amazon Web Service Docs},
	Title = {{Amazon Textract Documentation}},
	howpublished = "Available at \url{https://docs.aws.amazon.com/textract/index.html}",
}

@online{awspdf,
    Author = {Amazon Web Service Docs},
	Title = {{Amazon Textract Developer Guide Document}},
	howpublished = "Available at \url{https://docs.aws.amazon.com/pdfs/textract/latest/dg/textract-dg.pdf}",
}

@online{awstut,
    Author = {Amazon Web Service Docs},
	Title = {{Amazon Textract Developer Guide Tutorials}},
	howpublished = "Available at \url{https://docs.aws.amazon.com/textract/latest/dg/examples-blocks.html}",
}

@online{awsgit,
    Author = {Amazon Web Service Docs},
	Title = {{Amazon Textract Developer Guide Github}},
	howpublished = "Available at \url{https://github.com/awsdocs/amazon-textract-developer-guide/tree/master/doc_source}",
}

@online{awsfaq,
    Author = {Amazon Web Service},
	Title = {{Amazon Textract FAQs}},
	howpublished = "Available at \url{https://aws.amazon.com/textract/faqs/}",
}

%gc
@online{gcdocs1,
    Author = {Google Cloud},
	Title = {{Cloud Natural Language How-to Guides}},
	howpublished = "Available at \url{https://cloud.google.com/natural-language/docs/how-to}",
}

@online{gcdocs2,
    Author = {Google Cloud},
	Title = {{Cloud Natural Language API}},
	howpublished = "Available at \url{https://cloud.google.com/natural-language/docs/reference/rest/?apix=true}",
}

@online{gcdocs3,
    Author = {Google Cloud},
	Title = {{Google Cloud Skill Boost}},
	howpublished = "Available at \url{https://www.cloudskillsboost.google/catalog}",
}

%gdpr
@online{gdprchecklist,
    Author = {Intersoft Consulting, GDPR},
	Title = {{GDPR checklist for data controllers}},
	howpublished = "Available at \url{https://gdpr.eu/checklist/}",
}

@online{gdprart42,
    Author = {GDPR},
	Title = {{Art. 42 GDPR Certification}},
	howpublished = "Available at \url{https://gdpr-info.eu/art-42-gdpr/}",
}

@online{ibmgdpr,
    Author = {IBM Watson},
	Title = {{POV – Watson Privacy, Compliance, \& Security}},
	howpublished = "Available at \url{https://www.ibm.com/watson/assets/duo/pdf/Watson-Privacy-and-Security-POV_final_062819_tps.pdf}",
}

@online{ibmgdpr2,
    Author = {IBM Watson},
	Title = {{IBM’s Journey to GDPR Readiness}},
	howpublished = "Available at \url{https://www.ibm.com/downloads/cas/V2B2VBXY}",
}

@online{ibmgdpr3,
    Author = {IBM Watson},
	Title = {{IBM's commitment to GDPR readiness}},
	howpublished = "Available at \url{https://www.ibm.com/data-responsibility/gdpr/#4}",
}

@online{ibmisocert,
    Author = {Bureau Veritas Certification},
	Title = {{IBM Cloud ISO 27018:2014}},
	howpublished = "Available at \url{https://www.ibm.com/downloads/cas/2BVE9VL8}",
}
@online{ibmisocert2,
    Author = {Bureau Veritas Certification},
	Title = {{IBM Cloud ISO 27018:2019}},
	howpublished = "Available at \url{https://www.ibm.com/support/pages/system/files/inline-files/ibmcloud_27018_2020.pdf}",
}

@online{isocert,
    Author = {Dekra},
	Title = {{ISO 27018 and 27018 certification}},
	howpublished = "Available at \url{https://www.dekra.com/en/iso-27017-and-iso-27018-certification/#:~:text=Just%20a%20few%20steps%20to%20cloud%20certification&text=ISO%2027018%20specifically%20addresses%20the,supplemented%20by%20the%20applicable%20standard.}",
}

@online{ibmgdprservice,
    Author = {IBM},
	Title = {{Transform your business with the GDPR}},
	howpublished = "Available at \url{https://www.ibm.com/data-responsibility/gdpr/}",
}

@online{azureisocert,
    Author = {Microsoft},
	Title = {{Azure - ISO 27018 Certificate (2019), Certificate demonstrating Azure's compliance with ISO 27018}},
	howpublished = "Available at \url{https://servicetrust.microsoft.com/DocumentPage/1d67cda4-9062-4348-aa4e-2626bffced76}",
}

@online{azurecompliance,
    Author = {Microsoft},
	Title = {{Audit Reports and Certificates}},
	howpublished = "Available at \url{https://learn.microsoft.com/en-us/azure/compliance/offerings/offering-iso-27018#audit-reports-and-certificates}",
}

@online{azureservicetrustportal,
    Author = {Microsoft},
	Title = {{Service Trust Portal, Learn how Microsoft cloud services protect your data}},
	howpublished = "Available at \url{https://servicetrust.microsoft.com/viewpage/ISOIEC}",
}

@online{azuregdpr,
    Author = {Microsoft},
	Title = {{General Data Protection Regulation Summary}},
	howpublished = "Available at \url{https://learn.microsoft.com/en-us/compliance/regulatory/gdpr}",
}

@online{azuregdpr2,
    Author = {Microsoft},
	Title = {{How Microsoft Azure Can Help Organizations Become Compliant with the EU General Data Protection Regulation (GDPR)}},
	howpublished = "Available at \url{https://news.microsoft.com/wp-content/uploads/2017/11/Microsoft-Azure-and-the-EU-GDPR.pdf}",
}

@online{azuregdprcompliance,
    Author = {Microsoft Azure},
	Title = {{Azure Cognitive Services Compliance and Privacy}},
	howpublished = "Available at \url{https://azure.microsoft.com/en-us/support/legal/cognitive-services-compliance-and-privacy/}",
}

@online{azuredatamap,
    Author = {Microsoft Azure},
	Title = {{Azure datacenter map}},
	howpublished = "Available at \url{https://azuredatacentermap.azurewebsites.net/}",
}

@online{awsgdprcenter,
    Author = {Amazon Web Services},
	Title = {{General Data Protection Regulation (GDPR) Center}},
	howpublished = "Available at \url{https://aws.amazon.com/compliance/gdpr-center/}",
}

@online{awsgdprresp,
    Author = {Amazon Web Services},
	Title = {{The AWS Shared Responsibility Model and GDPR}},
	howpublished = "Available at \url{https://aws.amazon.com/blogs/security/the-aws-shared-responsibility-model-and-gdpr/}",
}

@online{awsisocert,
    Author = {EY CertifyPoint},
	Title = {{Azure - ISO/IEC 27018:2019 Certificate, Amazon Web Services Inc.}},
	howpublished = "Available at \url{https://d1.awsstatic.com/certifications/iso_27018_certification.pdf}",
}

@online{gcgdpr,
    Author = {Google Cloud },
	Title = {{Google Cloud and the General Data Protection Regulation (GDPR).}},
	howpublished = "Available at \url{https://cloud.google.com/privacy/gdpr#:~:text=If%20you%20partner%20with%20Google,Cloud%20and%20Google%20Workspace%20services}",
}

@online{gcisoblog,
    Author = {Google Cloud },
	Title = {{Google Cloud ISO/IEC 27018}},
	howpublished = "Available at \url{https://cloud.google.com/security/compliance/iso-27018}",
}

@online{gccompliancemgr,
    Author = {Google Cloud },
	Title = {{Google Cloud Compliance Reports Manager}},
	howpublished = "Available at \url{https://cloud.google.com/security/compliance/compliance-reports-manager}",
}

