@InBook{Mubarkoot2021,
  author = {Mubarkoot, Mohammed and Altmann, Jörn},
  pages  = {168--177},
  title  = {Towards Software Compliance Specification and Enforcement Using TOSCA},
  year   = {2021},
  month  = dec,
  publisher = {tbd},
  isbn   = {978-3-030-92915-2},
  doi    = {10.1007/978-3-030-92916-9_14},
}

@Article{Yebenes2021,
  author       = {Yebenes Serrano, Juan and Zorrilla, Marta},
  date         = {2021},
  journaltitle = {IEEE Latin America Transactions},
  title        = {A Data Governance Framework for Industry 4.0},
  doi          = {10.1109/TLA.2021.9480156},
  number       = {12},
  pages        = {2130--2138},
  volume       = {19},
}

@InCollection{Mahanti2021,
  author    = {Rupa Mahanti},
  booktitle = {Data Governance and Data Management},
  date      = {2021},
  year      = {2021},
  title     = {Introduction to Data, Data Governance, and Data Management},
  doi       = {10.1007/978-981-16-3583-0_1},
  pages     = {1--3},
  publisher = {Springer Singapore},
}

@InProceedings{Behringer2021,
  author = {Behringer, Giulio and Hizli, Marcel},
  title  = {Data Governance: State-of-the-Art},
  month  = {02},
  year   = {2021},
}


@Article{Abraham2019,
  author       = {Abraham, Rene and Brocke, Jan vom and Schneider, Johannes},
  date         = {2019-07},
  year         = {2019},
  journal      = {tbd},  
  journaltitle = {International Journal of Information Management},
  title        = {Data Governance: A conceptual framework, structured review, and research agenda},
  doi          = {10.1016/j.ijinfomgt.2019.07.008},
  volume       = {49},
}

@Misc{IGMI2021,
  author       = {ARMA_international},
  date         = {2021},
  title        = {The Information Governance Maturity Index Report, , by ARMA International},
  howpublished = {www.arma.org/principles},
  url          = {https://www.arma.org/page/igim},
  keywords     = {Information Governance Maturity Model},
}

@Misc{EDRM2021,
  author       = {EDMCouncil},
  date         = {2021},
  date         = {2021},
  title        = {Information Governance Reference Maturity Model(IGRM)},
  howpublished = {https://edrm.net/about-us/edrm-advisory-council/},
  url          = {https://edrm.net/resources/frameworks-and-standards/information-governance-reference-model/},
  keywords     = {Information Governance Maturity Model e-discovery},
}

@Misc{FIBO2020,
  author       = {EDMCouncil},
  date         = {2020},
  year         = {2020},
  editor       = {EDMCouncil},
  title        = {Financial Industry Business Ontology (FIBO)},
  howpublished = {https://spec.edmcouncil.org/fibo/},
  url          = {https://github.com/edmcouncil/fibo},
  keywords     = {FIBO Ontology Financial Industry},
}

@Misc{IGPrinciples2017,
  author       = {ARMA International},
  date         = {2017},
  title        = {ARMA International’ Generally Accepted Recordkeeping Principles® (Principles)},
  howpublished = {www.arma.org/principles},
  url          = {https://www.arma.org/principles},
  keywords     = {Information Governance Maturity Model},
}

@Misc{IGMM2017,
  author       = {ARMA},
  date         = {2017},
  editor       = {ARMA},
  title        = {ARMA International’s Information Governance Maturity Model},
  howpublished = {www.arma.org/principles},
  url          = {https://www.arma.org/principles},
  keywords     = {Information Governance Maturity Model},
  owner        = {ARMA International},
}

@Misc{IGIM2017,
  author       = {ARMA_International},
  date         = {2017},
  editor       = {ARMA_International},
  title        = {Information Governance Implementation Model, by ARMA International},
  howpublished = {www.arma.org/principles},
  url          = {https://www.arma.org/principles},
  keywords     = {Information Governance Maturity Model},
}

@Misc{IGRM2017,
  author       = {CGOC},
  date         = {2017},
  title        = {Information Governance Reference Maturity Model - IGRM},
  howpublished = {www.arma.org/principles},
  note         = {About CGOC (Compliance, Governance and Oversight Council) is a forum of over 3,800 legal, IT, privacy, security, records and information management professionals from corporations and government agencies.},
  url          = {http://www.edrm.net/projects/igrm},
  keywords     = {Information Governance Maturity Model e-discovery},
}

@InProceedings{Cheng2017,
  author    = {Cheng, Guangming and Li, Yao and Gao, Zhiwei and Liu, Xiaoyin},
  booktitle = {8th IEEE International Conference on Software Engineering and Service Science (ICSESS)},
  date      = {2017},
  year      = {2017},
  title     = {Cloud data governance maturity model},
  doi       = {10.1109/ICSESS.2017.8342968},
  pages     = {517--520},
}

@InProceedings{Niemi2013,
  author = {Niemi, Erkka},
  date   = {2013-08},
  title  = {Working Paper: Designing a Data Governance Framework},
}

@InProceedings{Casonato2011,
  author= {Casonato, Regina},
  date  = {2011-05},
  year  = {2011},
  title = {Enterprise Information Management and Information Governance},
  booktitle = {TBD},
  doi   = {10.3997/2214-4609.20144732},
}

@InProceedings{Pierce2007,
  author    = {Pierce, Elizabeth M},
  booktitle = {Proceedings of the MIT 2007 Information Quality Industry Symposium},
  date      = {2007},
  title     = {Designing a data governance framework to enable and influence IQ strategy},
  pages     = {18--19},
  url       = {http://mitiq.mit.edu/iqis/documents/cdoiqs_200777/papers/01_08_1c.pdf},
}

@Article{Rai2015,
  author       = {Rai, Rashmi and Sahoo, Gadadhar and Mehfuz, Shabana},
  date         = {2015},
  journaltitle = {SpringerPlus},
  title        = {Exploring the factors influencing the cloud computing adoption: a systematic study on cloud migration},
  doi          = {10.1186/s40064-015-0962-2},
  issn         = {2193-1801},
  pages        = {197},
  url          = {https://europepmc.org/articles/PMC4424223},
  volume       = {4},
}

@InProceedings{Mega2014,
  author    = {Cataldo Mega and Christoph Lange},
  booktitle = {44. Jahrestagung der Gesellschaft f{\"{u}}r Informatik, Informatik 2014, Big Data - Komplexit{\"{a}}t meistern, 22.-26. September 2014 in Stuttgart, Deutschland},
  date      = {2014},
  title     = {Optimizing resource topologies of workload in the cloud by minimizing consumption and maximizing utilization while still meeting service level agreements},
  editor    = {Erhard Pl{\"{o}}dereder and Lars Grunske and Eric Schneider and Dominik Ull},
  pages     = {873--881},
  publisher = {{GI}},
  series    = {{LNI}},
  url       = {https://dl.gi.de/20.500.12116/2698},
  volume    = {{P-232}},
  bibsource = {dblp computer science bibliography, https://dblp.org},
  biburl    = {https://dblp.org/rec/conf/gi/MegaL14.bib},
  timestamp = {Thu, 14 Nov 2019 16:35:27 +0100},
}

@Article{Andrikopoulos2013,
  author       = {Andrikopoulos, Vasilios and Binz, Tobias and Leymann, Frank and Strauch, Steve},
  date         = {2013},
  journaltitle = {Computing},
  title        = {How to adapt applications for the cloud environment -- Challenges and solutions in migrating applications to the cloud},
  number       = {6},
  pages        = {493--535},
  volume       = {95},
  publisher    = {Springer},
}

@Article{Ritter2012,
	author    = {Ritter, Thomas and Mitschang, Bernhard and  Mega, Cataldo},
	editor 	  = {{Poler, Ra{\'u}l and Doumeingts, Guy and Katzy, Bernhard and Chalmeta, Ricardo},
	title     = {Dynamic Provisioning of System Topologies in the Cloud},
	booktitle = {Enterprise Interoperability V},
	year	  = {2012},
	publisher = {Springer London},
	address   = {London},
	pages     = {391--401}}
 }

@Article{Binz2012,
  author = {Binz, Tobias and Breiter, Gerd and Leymann, Frank and Spatzier, Thomas},
  date         = {2012-05},
  journaltitle = {IEEE Internet Computing - INTERNET},
  title        = {Portable cloud services using TOSCA},
  doi          = {10.1109/MIC.2012.43},
  pages        = {80--85},
  volume       = {16},
}

@Thesis{Andreas2011,
  author      = {Andreas, Börner},
  date        = {2011},
  institution = {University of Stuttgart},
  title       = {Orchestration and provisioning of dynamic system topologies},
  type        = {mathesis},
  location    = {Stuttgart, Germany},
  subtitle    = {The evolution of ....},
  annotation  = {This is a typical \texttt{thesis} entry for a master thesis.},
  langid      = {english},
  langidopts  = {variant=british},
  options     = {useprefix=false},
}

@Article{Hullavarad2015,
  author       = {Shiva Hullavarad and Russell O'Hare and Ashok K. Roy},
  date         = {2015},
  journaltitle = {International Journal of Information Management: The Journal for Information Professionals},
  title        = {"Enterprise Content Management solutions-Roadmap strategy and implementation challenges"},
  pages        = {260--265},
  volume       = {Vol.35},
  biurl        = {https://doi.org/10.1016/j.ijinfomgt.2014.12.008 Published:01 April 2015},
  numner       = {No.2},
  publisher    = {"Emerald Group Publishing Limited"},
}

{Colicchio2015,
	title   = {A Cloud Readiness Assessment Framework for Enterprise Content Management and Social Software (E-Collaboration) 
		      in Small and Medium Sized Enterprises },
	author  = {Carlo Colicchio and Claudio Giovanoli and Gatziu Grivas Stella},
  booktitle = {Proceedings of the 2015 International Conference on Enterprise Systems October 2015 },
  pages 	= {177-–183},
  doi       = {https://doi.org/10.1109/ES.2015.24},
  publisher = {IEEE Computer Society1730 Massachusetts Ave., NW Washington, DC United States ISBN: 978-1-4673-8005-8},
}


@Misc{CDT2014,
  author       = {DepartmenofTechnology, California,},
  date         = {2014},
  title        = {Enterprise Content Management Reference Architecture},
  howpublished = {\url{https://cdt.ca.gov/services/wp-content/uploads/sites/2/sites/2/2017/04/EA-Enterprise-Content-Management-ECM-V1.pdf}},
  publisher    = {"California Department of Technology 1325 J Street, Suite 1600, Sacramento, CA 95814"},
}


@Article{ALRuithe2018,
  author  = {Al-Ruithe, Majid and Benkhelifa, Elhadj and Hameed, Khawar},
  title   = {Data Governance Taxonomy: Cloud versus Non-Cloud},
  doi     = {10.3390/su10010095},
  pages   = {2-26},
  volume  = {10},
  journal = {www.mdpi.com/journal/sustainability},
  month   = {01},
  year    = {2018},
}

@Article{Moreira2008,
  author  = {Moreira, Edson and Martimiano, Luciana and Brandão, Antonio and Bernardes, Mauro},
  title   = {Ontologies for information security management and governance},
  doi     = {10.1108/09685220810879627},
  pages   = {150-165},
  volume  = {16},
  journal = {Information Management & Computer Security},
  month   = {06},
  year    = {2008},
}


@Article{Musen2015,
  author       = {Mark, A. Musen},
  date         = {2015/06/},
  journaltitle = {AI Matters},
  title        = {The Protégé Project: A Look Back and a Look Forward},
  doi          = {10.1145/2757001.2757003},
  issue        = {4},
  language     = {en},
  origlanguage = {en},
  url          = {https://pubmed.ncbi.nlm.nih.gov/27239556},
  volume       = {1},
}

@InProceedings{Munoz2021,
  author    = {Mu{\~{n}}oz, Ana and Mart{\'i}, Luis and Sanchez-Pi, Nayat},
  booktitle = {Technologies and Innovation},
  date      = {2021},
  title     = {Data Governance, a Knowledge Model Through Ontologies},
  editor    = {Valencia-Garc{\'i}a, Rafael and Bucaram-Leverone, Martha and Del Cioppo-Morstadt, Javier and Vera-Lucio, N{\'e}stor and J{\'a}come-Murillo, Emma},
  isbn      = {978-3-030-88262-4},
  location  = {Cham},
  pages     = {18--32},
  publisher = {Springer International Publishing},
  doi       = {10.1007/978-3-030-88262-4_2}
}


@InProceedings{Kalemi2011,
  author    = {Kalemi, Edlira and Martiri, Edlira},
  booktitle = {2011 Third International Conference on Intelligent Networking and Collaborative Systems},
  date      = {2011},
  title     = {FOAF-Academic Ontology: A Vocabulary for the Academic Community},
  doi       = {10.1109/INCoS.2011.94},
  pages     = {440-445},
}

@InProceedings{Singh2003,
  author    = {Gurmeet Singh and Shishir Bharathi and Ann Chervenak and Ewa Deelman and Carl Kesselman and Mary Manohar and Sonal Patil and Laura Pearlman},
  booktitle = {Proceedings of the 2003 {ACM}/{IEEE} conference on Supercomputing - {SC} {\textquotesingle}03},
  date      = {2003},
  title     = {A Metadata Catalog Service for Data Intensive Applications},
  doi       = {10.1145/1048935.1050184},
  publisher = {{ACM} Press},
}

@Article{Sanchez2022,
  author       = {Maria-Isabel Sanchez-Segura and Roxana Gonz{\'{a}}lez-Cruz and Fuensanta Medina-Dominguez and German-Lenin Dugarte-Pe{\~{n}}a},
  date         = {2022-10},
  journaltitle = {Sustainability},
  title        = {Valuable Business Knowledge Asset Discovery by Processing Unstructured Data},
  doi          = {10.3390/su142012971},
  number       = {20},
  pages        = {12971},
  volume       = {14},
  publisher    = {{MDPI} {AG}},
}

@Article{Proenca2018,
  author    = {Proença, Diogo and Vieira, Ricardo and Borbinha, José and {Pável Calado} and Martins, Bruno and Kaminski, Jaime and Billenness, Clive and Anderson, David and Anderson, Janet},
  date      = {2018},
  year      = {2018},
  journal   = {TBD},
  title     = {A Maturity Model For Information Governance},
  doi       = {10.5281/ZENODO.1173086},
  language  = {en},
  copyright = {Creative Commons Attribution 4.0},
  keywords  = {E-ARK, Maturity Model, Information Governance},
  publisher = {Zenodo},
}

@Misc{Grafenstein2021,
  author    = {Grafenstein, Max von},
  date      = {2021},
  title     = {Kurzpapier: Data Governance. Ein Framework zur Erfassung "erfolgreicher" Data Governance-Modelle},
  doi       = {10.5281/ZENODO.6327345},
  language  = {de},
  copyright = {Creative Commons Attribution 4.0 International},
  keywords  = {Data Governance, Information Governance, Data Protection, Law, FOS: Law, Value of Data, Risks of Data, Context-Dependency, Coordination, Centralisation, De-Centralisation},
  publisher = {Zenodo},
}

@InProceedings{DeStefano2016,
  author    = {R. J. DeStefano and Lixin Tao and Keke Gai},
  booktitle = {2016 {IEEE} 3rd International Conference on Cyber Security and Cloud Computing ({CSCloud})},
  date      = {2016-06},
  year      = {2016},
  title     = {Improving Data Governance in Large Organizations through Ontology and Linked Data},
  doi       = {10.1109/cscloud.2016.47},
  publisher = {{IEEE}},
}

@Misc{ISO14721-2017,
  author   = {ISO},
  date     = {2017},
  year     = {2017},
  editor   = {ISO},
  title    = {ISO-14721:2012 Open archival information system (OAIS) — Reference model},
  url      = {https://www.iso.org/standard/63513.html},
}

@Misc{ISO15489-2016,
  author   = {ISO},
  date     = {2016},
  year   = {2016},
  editor   = {ISO},
  title    = {ISO 15489-1:2016 Information and documentation — Records management — Part 1: Concepts and principles},
  url      = {https://www.iso.org/standard/62542.html},
}

@Misc{ISO27000-2018,
  author   = {ISO},
  date     = {2018},
  year     = {2018},
  editor   = {ISO},
  title    = {ISO/IEC 27000:2018 Information technology — Overview and vocabulary},
  url      = {https://www.iso.org/standard/73906.html},
}

@Misc{ISO27001,
  author   = {ISO},
  date     = {2022},
  year     = {2022},
  editor   = {ISO},
  title    = {SO/IEC 27001:2022 Information security, cybersecurity and privacy protection — Requirements},
  url      = {https://www.iso.org/standard/82875.html},
}

@Misc{ISO27002,
  author = {ISO},
  date   = {2022},
  editor = {ISO},
  title  = {ISO/IEC 27002:2022Information security, cybersecurity and privacy protection — Information security controls},
  url    = {https://www.iso.org/standard/75652.html},
}

@Misc{ISO18829,
  author   = {ISO},
  date     = {2017},
  year     = {2017},
  editor   = {ISO},
  title    = {ISO-14721:2012 Open archival information system (OAIS) — Reference model},
  url      = {https://www.iso.org/standard/63513.html},
}

@Misc{ISO37301,
  author = {ISO},
  date   = {2021},
  editor = {ISO},
  title  = {ISO 37301:2021Compliance management systems — Requirements with guidance for use},
  url    = {https://www.iso.org/standard/75080.html},
}

@Misc{TOSCA2022,
  author = {OASIS},
  date   = {2022-02-26},
  year   = {2022},
  editor = {OASIS},
  title  = {TOSCA Simple Profile in YAML Version 1.3},
  url    = {https://docs.oasis-open.org/tosca/TOSCA-Simple-Profile-YAML/v1.3/os/TOSCA-Simple-Profile-YAML-v1.3-os.html},
}

@Misc{CMIS2015,
  author = {OASIS},
  date   = {2015-09-19},
  year   = {2015},
  editor = {OASIS},
  title  = {Content ManagementInteroperability Services (CMIS)},
  url    = {https://docs.oasis-open.org/cmis/CMIS/v1.1/CMIS-v1.1.html},
}

@Misc{EUGDPR,
  author = {EU},
  date   = {2018-05-23},
  year   = {2018},
  editor = {EU},
  title  = {General Data Protection Regulation GDPR},
  url    = {https://gdpr-info.eu/},
}

@Misc{USGSA,
  author = {GSA},
  date   = {2022-05-22},
  year   = {2022},
  editor = {U. S. General Services Administration},
  title  = {2200.1 CIO GSA Privacy Act Program},
  url    = {https://www.gsa.gov/directive/gsa-privacy-act-program},
}

@Misc{DAM,
  author = {DAM},
  title  = {Digital Asset Management},
}

@Misc{DAMA,
  author = {DAMA},
  title  = {Data Management Framework},
}

@Misc{Alfresco,
  author = {Alfresco},
  date   = {2021},
  year   = {2021},
  title  = {Alfresco Content Services},
  url    = {https://www.alfresco.com/platform},
}

@Misc{IBMECM,
  author = {IBM},
  date   = {2022},
  title  = {IBM Content Services},
  url    = {https://www.ibm.com/products/content-services},
}

@Misc{OpentextECM,
  author = {Opentext},
  date   = {2022},
  title  = {OpenText Content Cloud},
  url    = {https://www.opentext.com/products/content-cloud},
}

@Misc{Microsoft,
  author = {Microsoft},
  year   = {2022},
  title  = {Enterprise Content Management in Sharepoint},
  url    = {https://learn.microsoft.com/en-us/sharepoint/dev/scenario-guidance/enterprise-content-management},
}

@Misc{ORACLEECM,
  author = {Oracle},
  year   = {2022},
  title  = {Oracle Content Management},
  url    = {https://www.oracle.com/content-management/},
}

@Misc{GOOGLEPLT,
  author = {Google},
  title  = {Google Cloud Platform Services},
  url    = {https://workspace.google.com/enterprise/},
}

@Misc{AmazonPLT,
  author = {Amazon},
  title  = {AWS Cloud Products},
  url    = {https://aws.amazon.com/},
}

@Misc{CNCFPLT,
  author = {CNCF},
  date   = {2022},
  title  = {Graduated projects},
  url    = {https://www.cncf.io/projects/},
}

@TechReport{Quinn2022,
  author    = {Stephen Quinn},
  date      = {2022},
  year      = {2022},
  title     = {Staging Cybersecurity Risks for Enterprise Risk Management and Governance Oversight},
  doi       = {10.6028/nist.ir.8286c},
  publisher = {National Institute of Standards and Technology},
  institution = {National Institute of Standards and Technology},
}

@InProceedings{Yamada2017,
  author    = {Yamada, Atsushi and Peran, Michael},
  booktitle = {2017 IEEE International Conference on Big Data (Big Data)},
  date      = {2017},
  year      = {2017},
  title     = {Governance framework for enterprise analytics and data},
  doi       = {10.1109/BigData.2017.8258356},
  pages     = {3623--3631},
}

@InCollection{Leibtag2014,
  author    = {Ahava Leibtag},
  booktitle = {The Digital Crown},
  date      = {2014},
  year      = {2014},
  title     = {Rule 5 - Make Governance Central},
  doi       = {10.1016/B978-0-12-407674-7.09956-8},
  editor    = {Ahava Leibtag},
  isbn      = {978-0-12-407674-7},
  location  = {Boston},
  pages     = {217--229},
  publisher = {Morgan Kaufmann},
  url       = {https://www.sciencedirect.com/science/article/pii/B9780124076747099568},
  keywords  = {content workflows, editorial guidelines, style guides, taxonomies, web content committees, archiving standards},
}
@conference{iceis23,
author={Cataldo Mega.},
title={An Ontology-based Knowledge Management Model on Information Governance},
booktitle={Proceedings of the 25th International Conference on Enterprise Information Systems - Volume 2: ICEIS},
year={2023},
pages={168-178},
publisher={SciTePress},
organization={INSTICC},
doi={10.5220/0011985000003467},
isbn={978-989-758-648-4},
issn={2184-4992},
}