@misc { gang-shao,
    author ={Gang,Shao},
    title ={About the design changes required for enabling ECM Systems to exploit cloud technology Master Thesis},
    year = {2020},
    howpublished = {}
}

@misc { 
	nist_cloud,
	author = {P.Mell 
	    and T.Grance},
	title  = {The NIST Definition of Cloud Computing (Draft)},
	publisher = {National Institute of Standards and Technology},
	year   = {2011},
	howpublished = {\url{https://csrc.nist.gov/}} 
}
