@article{einstein,
  author =       "Albert Einstein",
  title =        "{Zur Elektrodynamik bewegter K{\"o}rper}. ({German})
                 [{On} the electrodynamics of moving bodies]",
  journal =      "Annalen der Physik",
  volume =       "322",
  number =       "10",
  pages =        "891--921",
  year =         "1905",
  DOI =          "http://dx.doi.org/10.1002/andp.19053221004",
  keywords =     "physics"
}

@book{dirac,
  title={The Principles of Quantum Mechanics},
  author={Paul Adrien Maurice Dirac},
  isbn={9780198520115},
  series={International series of monographs on physics},
  year={1981},
  publisher={Clarendon Press},
  keywords = {physics}
}

@book{latexcompanion,
    author    = "Michel Goossens and Frank Mittelbach and Alexander Samarin",
    title     = "The \LaTeX\ Companion",
    year      = "1993",
    publisher = "Addison-Wesley",
    address   = "Reading, Massachusetts",
    keywords  = "latex"
}
 
@online{knuthwebsite,
    author    = "Donald Knuth",
    title     = "Knuth: Computers and Typesetting",
    url       = "http://www-cs-faculty.stanford.edu/~uno/abcde.html",
    addendum = "(accessed: 01.09.2016)",
    keywords  = "latex,knuth"
}

@inbook{knuth-fa,
   author = "Donald E. Knuth",
   title = "Fundamental Algorithms",
   publisher = "Addison-Wesley",
   year = "1973",
   chapter = "1.2",
   keywords  = "knuth,programming"
}

@book{knuth-acp,
   author = "Donald E. Knuth",
   publisher = "Addison-Wesley",
   title = "The Art of Computer Programming",
   series = "Four volumes",
   year = "1968",
   note = "Seven volumes planned",
   keywords  = "knuth,programming"
}

@article{ctan,
    author  = "George D. Greenwade",
    title   = "The {C}omprehensive {T}ex {A}rchive {N}etwork ({CTAN})",
    year    = "1993",
    journal = "TUGBoat",
    volume  = "14",
    number  = "3",
    pages   = "342--351",
    keywords  = "latex"
}

@article{DBLP:journals/ibmrd/MegaWLSB14,
  author    = {Cataldo Mega and
               Tim Waizenegger and
               David Lebutsch and
               Stefan Schleipen and
               J. M. Barney},
  title     = {Dynamic cloud service topology adaption for minimizing resources while meeting performance goals},
  journal   = {{IBM} Journal of Research and Development},
  volume    = {58},
  number    = {2/3},
  year      = {2014},
  url       = {http://dx.doi.org/10.1147/JRD.2014.2304771},
  doi       = {10.1147/JRD.2014.2304771},
  timestamp = {Tue, 20 Jan 2015 00:00:00 +0100},
  biburl    = {http://dblp.uni-trier.de/rec/bib/journals/ibmrd/MegaWLSB14},
  bibsource = {dblp computer science bibliography, http://dblp.org}
}

@inproceedings{DBLP:conf/gi/MegaL14,
  author    = {Cataldo Mega and
               Christoph Lange},
  title     = {Optimizing resource topologies of workload in the cloud by minimizing consumption and maximizing utilization while still meeting service
               level agreements},
  booktitle = {44. Jahrestagung der Gesellschaft f{\"{u}}r Informatik, Informatik
               2014, Big Data - Komplexit{\"{a}}t meistern, 22.-26. September 2014
               in Stuttgart, Deutschland},
  pages     = {873--881},
  year      = {2014},
  crossref  = {DBLP:conf/gi/2014},
  url       = {http://subs.emis.de/LNI/Proceedings/Proceedings232/article44.html},
  timestamp = {Mon, 05 Jan 2015 00:00:00 +0100},
  biburl    = {http://dblp.uni-trier.de/rec/bib/conf/gi/MegaL14},
  bibsource = {dblp computer science bibliography, http://dblp.org}
}

@inproceedings{DBLP:conf/btw/WaizeneggerSM13,
  author    = {Tim Waizenegger and
               Oliver Schiller and
               Cataldo Mega},
  title     = {Datensicherheit in mandantenf{\"{a}}higen Cloud Umgebungen},
  booktitle = {Datenbanksysteme f{\"{u}}r Business, Technologie und Web (BTW), 15.
               Fachtagung des GI-Fachbereichs "Datenbanken und Informationssysteme"
               (DBIS), 11.-15.3.2013 in Magdeburg, Germany. Proceedings},
  pages     = {477--489},
  year      = {2013},
  crossref  = {DBLP:conf/btw/2013},
  url       = {http://www.btw-2013.de/proceedings/Datensicherheit%20in%20mandantenfaehigen%20Cloud%20Umgebungen.pdf},
  timestamp = {Tue, 20 May 2014 01:00:00 +0200},
  biburl    = {http://dblp.uni-trier.de/rec/bib/conf/btw/WaizeneggerSM13},
  bibsource = {dblp computer science bibliography, http://dblp.org}
}

@inproceedings{DBLP:conf/iesa/RitterMM12,
  author    = {Thomas Ritter and
               Bernhard Mitschang and
               Cataldo Mega},
  title     = {Dynamic Provisioning of System Topologies in the Cloud},
  booktitle = {Enterprise Interoperability V, Shaping Enterprise Interoperability
               in the Future Internet, Proceedings of {I-ESA} 2012, March 22-23,
               2012, Valencia, Spain},
  pages     = {391--401},
  year      = {2012},
  crossref  = {DBLP:conf/iesa/2012},
  url       = {http://dx.doi.org/10.1007/978-1-4471-2819-9_34},
  doi       = {10.1007/978-1-4471-2819-9_34},
  timestamp = {Wed, 28 Oct 2015 07:03:25 +0100},
  biburl    = {http://dblp.uni-trier.de/rec/bib/conf/iesa/RitterMM12},
  bibsource = {dblp computer science bibliography, http://dblp.org}
}

@inproceedings{DBLP:conf/adbis/WagnerKMMR08,
  author    = {Frank Wagner and
               Kathleen Krebs and
               Cataldo Mega and
               Bernhard Mitschang and
               Norbert Ritter},
  title     = {Towards the Design of a Scalable Email Archiving and Discovery Solution},
  booktitle = {Advances in Databases and Information Systems, 12th East European
               Conference, {ADBIS} 2008, Pori, Finland, September 5-9, 2008. Proceedings},
  pages     = {305--320},
  year      = {2008},
  crossref  = {DBLP:conf/adbis/2008},
  url       = {http://dx.doi.org/10.1007/978-3-540-85713-6_22},
  doi       = {10.1007/978-3-540-85713-6_22},
  timestamp = {Fri, 22 Aug 2008 11:10:28 +0200},
  biburl    = {http://dblp.uni-trier.de/rec/bib/conf/adbis/WagnerKMMR08},
  bibsource = {dblp computer science bibliography, http://dblp.org}
}

@inproceedings{DBLP:conf/idc/WagnerKMMR08,
  author    = {Frank Wagner and
               Kathleen Krebs and
               Cataldo Mega and
               Bernhard Mitschang and
               Norbert Ritter},
  title     = {Email Archiving and Discovery as a Service},
  booktitle = {Intelligent Distributed Computing, Systems and Applications, Proceedings
               of the 2nd International Symposium on Intelligent Distributed Computing
               - {IDC} 2008, Catania, Italy, 2008},
  pages     = {197--206},
  year      = {2008},
  crossref  = {DBLP:conf/idc/2008},
  url       = {http://dx.doi.org/10.1007/978-3-540-85257-5_20},
  doi       = {10.1007/978-3-540-85257-5_20},
  timestamp = {Fri, 23 Apr 2010 16:54:32 +0200},
  biburl    = {http://dblp.uni-trier.de/rec/bib/conf/idc/WagnerKMMR08},
  bibsource = {dblp computer science bibliography, http://dblp.org}
}

@inproceedings{DBLP:conf/btw/MegaWM05,
  author    = {Cataldo Mega and
               Frank Wagner and
               Bernhard Mitschang},
  title     = {From Content Management to Enterprise Content Management},
  booktitle = {Datenbanksysteme in Business, Technologie und Web, 11. Fachtagung
               des GI-Fachbereichs "Datenbanken und Informationssysteme" (DBIS),
               Karlsruhe, 2.-4. M{\"{a}}rz 2005},
  pages     = {596--613},
  year      = {2005},
  crossref  = {DBLP:conf/btw/2005},
  url       = {http://subs.emis.de/LNI/Proceedings/Proceedings65/article3699.html},
  timestamp = {Tue, 31 May 2011 01:00:00 +0200},
  biburl    = {http://dblp.uni-trier.de/rec/bib/conf/btw/MegaWM05},
  bibsource = {dblp computer science bibliography, http://dblp.org}
}

@proceedings{DBLP:conf/gi/2014,
  editor    = {Erhard Pl{\"{o}}dereder and
               Lars Grunske and
               Eric Schneider and
               Dominik Ull},
  title     = {44. Jahrestagung der Gesellschaft f{\"{u}}r Informatik, Informatik
               2014, Big Data - Komplexit{\"{a}}t meistern, 22.-26. September 2014
               in Stuttgart, Deutschland},
  series    = {{LNI}},
  volume    = {232},
  publisher = {{GI}},
  year      = {2014},
  isbn      = {978-3-88579-626-8},
  timestamp = {Thu, 30 Oct 2014 21:18:52 +0100},
  biburl    = {http://dblp.uni-trier.de/rec/bib/conf/gi/2014},
  bibsource = {dblp computer science bibliography, http://dblp.org}
}

@proceedings{DBLP:conf/btw/2013,
  editor    = {Volker Markl and
               Gunter Saake and
               Kai{-}Uwe Sattler and
               Gregor Hackenbroich and
               Bernhard Mitschang and
               Theo H{\"{a}}rder and
               Veit K{\"{o}}ppen},
  title     = {Datenbanksysteme f{\"{u}}r Business, Technologie und Web (BTW), 15.
               Fachtagung des GI-Fachbereichs "Datenbanken und Informationssysteme"
               (DBIS), 11.-15.3.2013 in Magdeburg, Germany. Proceedings},
  series    = {{LNI}},
  volume    = {214},
  publisher = {{GI}},
  year      = {2013},
  isbn      = {978-3-88579-608-4},
  timestamp = {Fri, 12 Jul 2013 14:20:55 +0200},
  biburl    = {http://dblp.uni-trier.de/rec/bib/conf/btw/2013},
  bibsource = {dblp computer science bibliography, http://dblp.org}
}

@proceedings{DBLP:conf/iesa/2012,
  editor    = {Raul Poler and
               Guy Doumeingts and
               Bernhard R. Katzy and
               Ricardo Chalmeta},
  title     = {Enterprise Interoperability V, Shaping Enterprise Interoperability
               in the Future Internet, Proceedings of {I-ESA} 2012, March 22-23,
               2012, Valencia, Spain},
  publisher = {Springer},
  year      = {2012},
  url       = {http://dx.doi.org/10.1007/978-1-4471-2819-9},
  doi       = {10.1007/978-1-4471-2819-9},
  isbn      = {978-1-4471-2818-2},
  timestamp = {Wed, 28 Oct 2015 07:03:25 +0100},
  biburl    = {http://dblp.uni-trier.de/rec/bib/conf/iesa/2012},
  bibsource = {dblp computer science bibliography, http://dblp.org}
}

@proceedings{DBLP:conf/adbis/2008,
  editor    = {Paolo Atzeni and
               Albertas Caplinskas and
               Hannu Jaakkola},
  title     = {Advances in Databases and Information Systems, 12th East European
               Conference, {ADBIS} 2008, Pori, Finland, September 5-9, 2008. Proceedings},
  series    = {Lecture Notes in Computer Science},
  volume    = {5207},
  publisher = {Springer},
  year      = {2008},
  isbn      = {978-3-540-85712-9},
  timestamp = {Fri, 22 Aug 2008 11:10:28 +0200},
  biburl    = {http://dblp.uni-trier.de/rec/bib/conf/adbis/2008},
  bibsource = {dblp computer science bibliography, http://dblp.org}
}

@proceedings{DBLP:conf/idc/2008,
  editor    = {Costin Badica and
               Giuseppe Mangioni and
               Vincenza Carchiolo and
               Dumitru Dan Burdescu},
  title     = {Intelligent Distributed Computing, Systems and Applications, Proceedings
               of the 2nd International Symposium on Intelligent Distributed Computing
               - {IDC} 2008, Catania, Italy, 2008},
  series    = {Studies in Computational Intelligence},
  volume    = {162},
  publisher = {Springer},
  year      = {2008},
  isbn      = {978-3-540-85256-8},
  timestamp = {Fri, 23 Apr 2010 16:54:32 +0200},
  biburl    = {http://dblp.uni-trier.de/rec/bib/conf/idc/2008},
  bibsource = {dblp computer science bibliography, http://dblp.org}
}

@proceedings{DBLP:conf/btw/2005,
  editor    = {Gottfried Vossen and
               Frank Leymann and
               Peter C. Lockemann and
               Wolffried Stucky},
  title     = {Datenbanksysteme in Business, Technologie und Web, 11. Fachtagung
               des GI-Fachbereichs "Datenbanken und Informationssysteme" (DBIS),
               Karlsruhe, 2.-4. M{\"{a}}rz 2005},
  series    = {{LNI}},
  volume    = {65},
  publisher = {{GI}},
  year      = {2005},
  isbn      = {3-88579-394-6},
  timestamp = {Tue, 05 Apr 2005 15:31:46 +0200},
  biburl    = {http://dblp.uni-trier.de/rec/bib/conf/btw/2005},
  bibsource = {dblp computer science bibliography, http://dblp.org}
}

