@ARTICLE{own-CNG+09,
  author = {Ritter T. and Mega C. and Mitschang B. },
  title = {{Dynamic Provisioning of System Topologies in the Cloud.}},
  journal = {{Proceedings of the I-ESA Conferences, vol 5. Springer, London.}},
  volume = {5},
  year = {2012},
  pages = {...},
  number = {Y},
  month = {Februar},
}

@ARTICLE{own-CNG+099,
  author = {Author 1 and Author 2},
  title = {{Dynamic cloud service topology adaption for minimizing resources while meeting performance goals}},
  journal = {{In IBM Journal of Research and Development}},
  volume = {X},
  year = {2014},
  pages = {Z1-Z7},
  number = {Y},
  month = {March-April},
}

@ARTICLE{own-CNG+0999,
  author = {Author 1 and Author 2},
  title = {{Dummy Title}},
  journal = {{Datenbank-Spektrum}},
  volume = {10},
  year = {2009},
  pages = {Z1-Z7},
  number = {3},
  month = {Februar},
}
