% Encoding: UTF-8

%%%
%
%Beim Erstellen der Bibtex-Datei wird empfohlen darauf zu achten, dass die DOI aufgeführt wird.
%
%%%

@MastersThesis{pascal2021,
author = {Pascal Hagemann},
title = {Evaluating Dynamic Load Balancing of ECM Workload Pattern Wmployed in Cloud Environments Managed by a Kubernetes/Docker Eco-System},
school = {University of Stuttgart},
address = {Germany},
year = {2021},
}

@article{grahlmann2012,
  title={Reviewing enterprise content management: A functional framework},
  author={Grahlmann, Knut R and Helms, Remko W and Hilhorst, Cokky and Brinkkemper, Sjaak and Van Amerongen, Sander},
  journal={European Journal of Information Systems},
  volume={21},
  number={3},
  pages={268--286},
  year={2012},
  publisher={Springer}
}

@Misc{aiimECM,
  author = {{AIIM}},
  title =  {What is Enterprise Content Management (ECM)?},
  year =   {2013},
  label = {AIIM},
  url =    {https://www.aiim.org/Resources/Glossary/Enterprise-Content-Management}
}

@Article{cloud1,
  author =    {Michael Armbrust and et al.},
  title =     {A View of Cloud Computing},
  journal =   {Communications of the ACM},
  year =      {2010},
  volume =    {53},
  number =    {4},
  pages =     {50--58},
  month =     apr,
  doi =       {10.1145/1721654.1721672},
  publisher = {ACM}
}

@Misc{cloud2,
  author = {Peter Mell and Tim Grance},
  title =  {The NIST Definition of Cloud Computing},
  year =   {2011},
  url =    {https://csrc.nist.gov/publications/detail/sp/800-145/final}
}

@Misc{shao,
  author = {Gang Shao},
  title =  {About the Design Changes Required for Enabling ECM Systems to Exploit Cloud Technology},
  year =   {2020},
  url =    {https://elib.uni-stuttgart.de/bitstream/11682/11274/1/GangShaoMasterArbeit.pdf}
}

@Book{virt1,
  author    = {Matthew Portnoy},
  title     = {Virtualization Essentials},
  year      = {2016},
  publisher = {Sybex},
  isbn      = {1119267722},
}

@Book{open_stack,
  author    = {Scott Adkins and John Belamaric and Vincent Giersch and Denys Makogon and Jason E. Robinson},
  title     = {OpenStack Cloud Application Development},
  year      = {2015},
  publisher = {Wrox},
  isbn      = {1119194318},
}

@inproceedings{open_stack2,
  title={An overview of openstack architecture},
  author={Rosado, Tiago and Bernardino, Jorge},
  booktitle={Proceedings of the 18th International Database Engineering \& Applications Symposium},
  pages={366--367},
  year={2014}
}

@Misc{cloud_stack,
  author    = {{The Apache CloudStack Authors}},
  title =  {The Official Apache CloudStack Documentation},
  year =   {2021},
  label = {ACSA},
  url =    {http://docs.cloudstack.apache.org/en/latest/}
}

@inproceedings{cloud_stack2,
  title={A comparative study of OpenStack and CloudStack},
  author={Mullerikkal, Jaison Paul and Sastri, Yedhu},
  booktitle={2015 Fifth International Conference on Advances in Computing and Communications (ICACC)},
  pages={81--84},
  year={2015},
  organization={IEEE}
}

@inproceedings{open_nebula,
  title={Private IaaS clouds: a comparative analysis of OpenNebula, CloudStack and OpenStack},
  author={Vogel, Adriano and Griebler, Dalvan and Maron, Carlos AF and Schepke, Claudio and Fernandes, Luiz Gustavo},
  booktitle={2016 24th Euromicro International Conference on Parallel, Distributed, and Network-Based Processing (PDP)},
  pages={672--679},
  year={2016},
  organization={IEEE}
}

@Misc{open_nebula2,
  author    = {{The OpenNebula Authors}},
  title =  {The Official OpenNebula Documentation},
  year =   {2021},
  label = {TONA},
  url =    {https://opennebula.io/docs}
}

@Book{docker1,
  author    = {Senthil Kumaran},
  title     = {Practical LXC and LXD Linux Containers for Virtualization and Orchestration},
  year      = {2017},
  publisher = {Apress},
  isbn      = {9781484230244},
}

@Book{docker2,
  author    = {Nigel Poulton},
  title     = {Docker Deep Dive - Zero to Docker in a Single Book},
  year      = {2020},
  publisher = {Independently Published},
  isbn      = {1521822808},
}

@Misc{podman,
  author    = {{The Podman Team}},
  title =  {The Official Podman Documentation},
  year =   {2019},
  label = {TPT},
  url =    {https://docs.podman.io/en/latest/}
}

@Misc{lxc,
  author    = {{The LXC Team}},
  title =  {The Official LXC Documentation},
  year =   {2020},
  label = {LXC},
  url =    {https://linuxcontainers.org/lxc/introduction/}
}

@Misc{jails,
  author    = {{The FreeBSD Team}},
  title =  {The Official FreeBSD Documentation},
  year =   {2020},
  label = {BSD},
  url =    {https://docs.freebsd.org/en/books/handbook/jails/}
}

@Book{Microservices1,
  author    = {Sam Newman},
  title     = {Monolith to Microservices - Evolutionary Patterns to Transform Your Monolith},
  year      = {2019},
  publisher = {O'Reilly Media, Inc.},
  isbn      = {1492047848},
}

@Book{Microservices2,
  author    = {Pini Reznik and Jamie Dobson and Michelle Gienow},
  title     = {Cloud Native Transformation - Practical Patterns for Innovation},
  year      = {2020},
  publisher = {O'Reilly Media, Inc.},
  isbn      = {9781492048909},
}

@ARTICLE{Orch1,
  author={Khan, Asif},
  journal={IEEE Cloud Computing}, 
  title={Key Characteristics of a Container Orchestration Platform to Enable a Modern Application}, 
  year={2017},
  volume={4},
  number={5},
  pages={42-48},
  doi={10.1109/MCC.2017.4250933}}

@INPROCEEDINGS{Orch2,
  author={Jawarneh, Isam Mashhour Al and Bellavista, Paolo and Bosi, Filippo and Foschini, Luca and Martuscelli, Giuseppe and Montanari, Rebecca and Palopoli, Amedeo},
  booktitle={ICC 2019 - 2019 IEEE International Conference on Communications (ICC)}, 
  title={Container Orchestration Engines: A Thorough Functional and Performance Comparison},
  year={2019},
  volume={},
  number={},
  pages={1-6},
  doi={10.1109/ICC.2019.8762053}}


@Book{KUB,
  author    = {Nigel Poulton},
  title     = {The Kubernetes Book},
  year      = {2020},
  publisher = {Independently Published},
  isbn      = {1521823634},
}

@Book{KUB2,
  author    = {Bilgin Ibryam and Roland Huss},
  title     = {Kubernetes Patterns: Reusable Elements for Designing Cloud Native Applications},
  year      = {2019},
  publisher = {O'Reilly Media, Inc.},
  isbn      = {1492050288},
}

@Book{KUB3,
  author    = {Brendan Burns and Joe Beda and Kelsey Hightower},
  title     = {Kubernetes: Up and Running - Dive into the Future of Infrastructure},
  year      = {2019},
  publisher = {O'Reilly Media, Inc.},
  isbn      = {1492046531},
}

@Misc{kind,
  author    = {{The Kubernetes Authors}},
  title =  {KiND - Kubernetes in Docker},
  year =   {2021},
  label = {TKA},
  url =    {https://kind.sigs.k8s.io}
}

@Misc{KUB4,
  author    = {{The Kubernetes Authors}},
  title =  {The Official Kubernetes Documentation},
  year =   {2020},
  label = {TKA},
  url =    {https://kubernetes.io/docs/concepts/}
}

@Misc{KUB5,
  author    = {Jorge Castro and Duffie Cooley and Kat Cosgrove and Justin Garrison and Noah Kantrowitz and Bob Killen and Rey Lejano and Dan “POP” Papandrea and Jeffrey Sica and Davanum “Dims” Srinivas},
  title =  {Don't Panic: Kubernetes and Docker},
  year =   {2020},
  url =    {https://kubernetes.io/blog/2020/12/02/dont-panic-kubernetes-and-docker/}
}

@inproceedings {mesos,
author = {Benjamin Hindman and Andy Konwinski and Matei Zaharia and Ali Ghodsi and Anthony D. Joseph and Randy Katz and Scott Shenker and Ion Stoica},
title = {Mesos: A Platform for Fine-Grained Resource Sharing in the Data Center},
booktitle = {8th {USENIX} Symposium on Networked Systems Design and Implementation ({NSDI} 11)},
year = {2011},
address = {Boston, MA},
url = {https://www.usenix.org/conference/nsdi11/mesos-platform-fine-grained-resource-sharing-data-center},
publisher = {{USENIX} Association},
month = mar,
}

@Book{Openshift,
  author    = {Michael Elder and Jake Kitchener and Brad Topol},
  title     = {Hybrid Cloud Apps with OpenShift and Kubernetes: Delivering Highly Available Applications and Services},
  year      = {2021},
  publisher = {O'Reilly Media, Inc.},
  isbn      = {9781492083818},
}

% !! DO NOT USE `label =   {ASF}` in other Misc entries !!

@Misc{ApacheODE,
  author = {{The Apache Software Foundation}},
  title =  {Apache ODE\texttrademark{} -- The Orchestration Director Engine},
  year =   {2016},
  label =  {ASF},
  url =    {http://ode.apache.org}
}

@Article{RVvdA2016,
  author =    {H.A. Reijers and I. Vanderfeesten and W.M.P. van der Aalst},
  title =     {The effectiveness of workflow management systems: A longitudinal study},
  journal =   {International Journal of Information Management},
  year =      {2016},
  volume =    {36},
  number =    {1},
  pages =     {126--141},
  month =     feb,
  doi =       {10.1016/j.ijinfomgt.2015.08.003},
  publisher = {Elsevier {BV}}
}

@Book{Duden2001,
  author    = {Duden},
  title     = {Die Deutsche Rechtschreibung},
  year      = {2001},
  edition   = {22., völlig neu bearbeitete und erweiterte Auflage},
  note      = {Aktualisierter Nachdruck},
  publisher = {Dudenverlag},
  isbn      = {3-411-04012-2},
}

@Comment{jabref-meta: databaseType:biblatex;}
